@unpublished{taller,
author = "Universidad de Los Andes",
title = "Laboratorio de S{\' i}smica y Sismolog{\' i}a: Modelo Convolucional de Trazas S{\' i}smicas-Taller 1"
}
@unpublished{14904122-ldsysmcdts1,
author = "Universidad de Los Andes",
title = "Laboratorio de S{\' i}smica y Sismolog{\' i}a: Modelo Convolucional de Trazas S{\' i}smicas-Taller 1"
}
