@book{Stein2009,
author = "Seth Stein and Michael Wysession",
isbn = "9781444311310",
publisher = "Wiley-Blackwell",
address = "United Kingdom",
title = "An introduction to Seismology, earthquakes, and earth structure",
year = "2009",
month = "04",
day = "01"
}
@book{Yilmaz2001,
author = "Ozdogan Yilmaz and Stephen M. Doherty",
edition = "2",
isbn = "9781560800989",
publisher = "Soc. of Exploration Geophysicists",
address = "Tulsa, Ok",
title = "Seismic data analysis: Processing, inversion, and interpretation of seismic data",
year = "2001"
}
